[gd_scene load_steps=8 format=2]

[ext_resource path="res://Prefab/Villager/Villager.gd" type="Script" id=1]

[sub_resource type="CapsuleShape" id=1]
radius = 1.84696
height = 8.65225

[sub_resource type="BoxShape" id=2]
extents = Vector3( 1.7667, 0.127936, 2.04094 )

[sub_resource type="SpatialMaterial" id=3]
albedo_color = Color( 0.788235, 0.0784314, 0.0784314, 1 )

[sub_resource type="CapsuleMesh" id=4]
material = SubResource( 3 )

[sub_resource type="SpatialMaterial" id=5]
albedo_color = Color( 0.0627451, 0.192157, 0.870588, 1 )

[sub_resource type="CylinderMesh" id=6]
material = SubResource( 5 )

[node name="Villager" type="KinematicBody"]
script = ExtResource( 1 )
villager_file = "res://assets/data/villager_dialog.txt"
wolf_file = "res://assets/data/wolf_dialog.txt"
names_file = "res://assets/data/names.txt"

[node name="Body_CollisionShape" type="CollisionShape" parent="."]
transform = Transform( 1, 0, 0, 0, -4.37114e-08, -1, 0, 1, -4.37114e-08, 0, 5.63984, 0 )
shape = SubResource( 1 )

[node name="CollisionShape" type="CollisionShape" parent="."]
transform = Transform( 1, 0, 0, 0, 1, 0, 0, 0, 1, 0, 0.325467, 0 )
shape = SubResource( 2 )

[node name="Rotation_Helper" type="Spatial" parent="."]

[node name="Model" type="Spatial" parent="Rotation_Helper"]

[node name="Skeleton" type="Skeleton" parent="Rotation_Helper/Model"]

[node name="CSGMesh" type="CSGMesh" parent="Rotation_Helper/Model/Skeleton"]
transform = Transform( 1.95442, 0, 0, 0, -1.78444e-07, -4.08232, 0, 1.86, -8.13032e-08, 0, 5.64, 0 )
mesh = SubResource( 4 )

[node name="Head" type="Position3D" parent="Rotation_Helper"]
transform = Transform( 1, 0, 0, 0, 1, 0, 0, 0, 1, 0, 9, 0 )

[node name="Face" type="CSGMesh" parent="Rotation_Helper/Head"]
transform = Transform( 1, 0, 0, 0, -4.37114e-08, -1, 0, 1, -4.37114e-08, 0, 0, 1 )
layers = 1025
mesh = SubResource( 6 )

[node name="SpotLight" type="SpotLight" parent="Rotation_Helper/Head/Face"]
transform = Transform( 1, 0, 0, 0, -4.37114e-08, -1, 0, 1, -4.37114e-08, 0, 1.05, 0 )
light_color = Color( 0.101961, 0.211765, 0.796078, 1 )
light_energy = 16.0
spot_range = 15.0
spot_attenuation = 0.120742
spot_angle_attenuation = 0.210224
